@manual{anleitung,
  author = {TU Dortmund},
  title = {Leerlaufspannung und Innenwiderstand von Spannungsquellen},
  url = "http://129.217.224.2/HOMEPAGE/PHYSIKER/BACHELOR/AP/SKRIPT/V301.pdf",
  year = 2014
}
